
@manual{skript, 
title = {V46 Faraday-Effekt an Halbleitern},
year = 2021,
organization = {Fakult√§t Physik, TU Dortmund}
}

@online{decay,
    url = {https://industrialandmedicalisotopes.weebly.com/cs-production.html},
    urldate = {2022-26-01},
    title = {Production of Caesium 137},
    organization = {Industrialandmedicalisotopes},
 }
