
@manual{skript, 
title = {V01 Kosmische Myonen},
year = 2021,
organization = {Fakult√§t Physik, TU Dortmund}
}

@online{poisson,
    url = {https://www.hagerstowncc.edu/sites/default/files/documents/13-statistics-packet.pdf},
    urldate = {2021-23-11},
    title = {Frequently used statistics formulas},
    organization = {Hagerstown College},
 }
