
@manual{skript, 
title = {V01 Kosmische Myonen},
year = 2021,
organization = {Fakultät Physik, TU Dortmund}
}

@online{poisson,
    url = {https://www.hagerstowncc.edu/sites/default/files/documents/13-statistics-packet.pdf},
    urldate = {2021-23-11},
    title = {Frequently used statistics formulas},
    organization = {Hagerstown College},
 }

@online{myontime,
    url = {https://journals.aps.org/prd/abstract/10.1103/PhysRevD.98.030001},
    urldate = {2021-23-11},
    title = {Review of Particle Physics},
    organization = {M. Tanabashi et al. (Particle Data Group)},
 }


 
@manual{einfuehrung, 
title = {Einführung in die Astroteilchenphysik},
year = 2018,
organization = {Springer, Claus Grupen}
}
