
@manual{skript, 
    title = {Experimente mit Mikrowellen 1},
    year = 2021,
    organization = {Philips}
    }
